@article{verstegen:2012,
    author = "Judith Anne Verstegen and Derek Karssenberg and Floor van
        der Hilst and André Faaij",
    doi = "10.1016/j.compenvurbsys.2011.08.003",
    issn = "0198-9715",
    journal = "Computers, Environment and Urban Systems",
    keywords = "Spatial Decision Support Systems, Uncertainty, Spatial
        modeling, Visualization, Land use change, Bioenergy",
    number = "1",
    pages = "30–42",
    title = "Spatio-temporal uncertainty in Spatial Decision Support
        Systems: A case study of changing land availability for bioenergy
        crops in Mozambique",
    url = "http://www.sciencedirect.com/science/article/pii/S0198971511000883",
    volume = "36",
    year = "2012"
}


@article{hilst:2012,
    author = {Hilst, Floor and Verstegen, Judith A and Karssenberg, Derek
        and Faaij, André P C},
    title = {{Spatiotemporal land use modelling to assess land availability
        for energy crops – illustrated for Mozambique}},
    issn = {1757-1707},
    doi = {10.1111/j.1757-1707.2011.01147.x},
    pages = {859--874},
    number = {6},
    volume = {4},
    journal = {GCB Bioenergy},
    year = {2012}
}


@article{verstegen:2014,
    author = {Verstegen, J.A. and Karssenberg, D. and van der Hilst,
        F. and Faaij, A.P.C.},
    doi = {10.1016/j.envsoft.2013.11.009},
    journal = {Environmental Modelling and Software},
    pages = {121–136},
    title = {Identifying a land use change cellular automaton by Bayesian
        data assimilation},
    volume = {53},
    year = {2014}
}
